<?xml version="1.0" encoding="UTF-8"?><collection xmlns="http://www.loc.gov/MARC21/slim"><record><leader>00474nam--2200145-i-4500</leader><controlfield tag="001">000014663</controlfield><controlfield tag="002">20161230</controlfield><controlfield tag="005">20161230201030</controlfield><controlfield tag="008">060222s1000------------r-----000-0-eng-d</controlfield><datafield ind1=" " ind2=" " tag="080"><subfield code="a">539.12.162.8:539.171.0179047.3)</subfield></datafield><datafield ind1=" " ind2=" " tag="100"><subfield code="a">Abdelsalam, A</subfield></datafield><datafield ind1=" " ind2=" " tag="245"><subfield code="a">Inelastic interactions of p,d,4he and 12c projactiles with light(cno) and heavy(agbr) nuclei at 4,5 gev/c per nucleon</subfield></datafield><datafield ind1=" " ind2=" " tag="260"><subfield code="a">Dubna, Joint Institute For Nuclear Research, 1981 11 P</subfield></datafield><datafield ind1=" " ind2=" " tag="490"><subfield code="a">623</subfield></datafield><datafield ind1=" " ind2=" " tag="852"><subfield code="a">61563</subfield></datafield></record></collection>